%% Scheduling

@INPROCEEDINGS{Kedad-SidhoumMonnaMounieEtAl2013,
   author = {Safia Kedad-Sidhoum and Florence Monna and Gr\'egory
 Mouni\'e and Denis Trystram},
   title = {Scheduling Independent Tasks on Multi-cores with GPU
 Accelerators},
   booktitle = {11th HeteroPar 2013 Workshop},
   year = {2013},
 }

@article{garey1975bounds,
    title={Bounds for multiprocessor scheduling with resource constraints},
    author={Garey, Michael R and Graham, Ronald L.},
    journal={SIAM Journal on Computing},
    volume={4},
    number={2},
    pages={187--200},
    year={1975},
    publisher={SIAM}
}


@article{ullman1975np,
    title={\textit{NP}-complete scheduling problems},
    author={Ullman, Jeffrey D.},
    journal={Journal of Computer and System sciences},
    volume={10},
    number={3},
    pages={384--393},
    year={1975},
    publisher={Elsevier}
}


@article{GrahamRL1966Bounds,
    author = {Graham, Ronald L.},
    title = {{Bounds for certain multiprocessing anomalies}},
    journal = {{Bell System Technical Journal}},
    volume = {{45}},
    number = {{9}},
    pages = {1563-1581},
    year = {{1966}},
}

@article{GrahamRL1969Bounds,
    author = {Graham, Ronald L.},
    title = {{Bounds on Multiprocessing Timing Anomalies}},
    journal = {{SIAM Journal on Applied Mathematics}},
    volume = {{17}},
    number = {{2}},
    pages = {416-429},
    year = {{1969}},
}


@article{hwang1989scheduling,
    title={Scheduling precedence graphs in systems with interprocessor
        communication times},
    author={Hwang, J.J. and Chow, Y.C. and Anger, F.D. and Lee, C.Y.},
    journal={SIAM Journal on Computing},
    volume={18},
    number={2},
    pages={244--257},
    year={1989},
    publisher={SIAM}
}

@article{topcuoglu2002performance,
    title={Performance-effective and low-complexity task scheduling for
        heterogeneous computing},
    author={Topcuoglu, H. and Hariri, S. and Wu, M.},
    journal={IEEE Transactions on Parallel and Distributed Systems},
    volume={13},
    number={3},
    pages={260--274},
    year={2002},
    publisher={IEEE}
}

@inproceedings{khan1994comparison,
    title={A comparison of multiprocessor scheduling heuristics},
    author={Khan, AA and McCreary, C.L. and Jones, MS},
    booktitle={ICPP International
        Conference on Parallel Processing},
    volume={2},
    pages={243--250},
    year={1994},
    organization={IEEE}
}

@article{yang1994dsc,
    title={DSC: Scheduling parallel tasks on an unbounded number of
        processors},
    author={Yang, T. and Gerasoulis, A.},
    journal={IEEE Transactions on Parallel and Distributed Systems},
    volume={5},
    number={9},
    pages={951--967},
    year={1994},
    publisher={IEEE}
}
@article{aubum1990efficient,
    title={Efficient Exploitation of Concurrency Using Graph Decomposition},
    author={Aubum, A. and McLean, V.},
    journal={Department of Computer Science and Engineering CSE-90-03,
        Auburn University},
    year={1990}
}

@inproceedings{lepere2002new,
    title={A new clustering algorithm for large communication delays},
    author={Lep{\`e}re, Renaud and Trystram, Denis},
    booktitle={Parallel and Distributed Processing Symposium., Proceedings
        International, IPDPS 2002},
    pages={68--73},
    year={2002},
    organization={IEEE}
}
@article{mccreary1993graph,
    title={A Graph Parsing Algorithm and Implementation},
    author={McCreary, CL and Reed, A},
    journal={Department of Computer Science and Engineering CSE-93-04,
        Auburn University},
    year={1993}
}

@article{mccreary1993partitioning,
    title={Partitioning and scheduling using graph decomposition},
    author={McCreary, C and Thompson, J and Gill, H and Smith, T and Zhu,
        Y},
    journal={Department of Computer Science and Engineering CSE-93-06,
        Auburn University},
    year={1993}
}



%%Paralelisation tools

@inproceedings{gautier2007kaapi,
    title={KAAPI: A thread scheduling runtime system for data flow
        computations on cluster of multi-processors},
    author={Gautier, Thierry and Besseron, Xavier and Pigeon, Laurent},
    booktitle={Proceedings of the 2007 international workshop on Parallel
        symbolic computation},
    pages={15--23},
    year={2007},
    organization={ACM}
}


@article{stone2010opencl,
    title={OpenCL: A parallel programming standard for heterogeneous computing
        systems},
    author={Stone, John E and Gohara, David and Shi, Guochun},
    journal={Computing in science \& engineering},
    volume={12},
    number={3},
    pages={66},
    year={2010},
    publisher={NIH Public Access}
}


@article{nvidia2010c,
    title={C Programming Guide 3.2},
    author={Nvidia, CUDA},
    journal={NVIDIA Corporation},
    year={2010}
}


@incollection{bueno2011productive,
    title={Productive cluster programming with OmpSs},
    author={Bueno, Javier and Martinell, Luis and Duran, Alejandro and
        Farreras, Montse and Martorell, Xavier and Badia, Rosa M and
            Ayguade, Eduard and Labarta, Jes{\'u}s},
    booktitle={Euro-Par Parallel Processing},
    pages={555--566},
    year={2011},
    publisher={Springer}
}


@inproceedings{blumofe1995cilk,
    title={Cilk: An efficient multithreaded runtime system},
    author={Blumofe, Robert D and Joerg, Christopher F and Kuszmaul, Bradley
        C and Leiserson, Charles E and Randall, Keith H and Zhou, Yuli},
    booktitle ={PPOPP '95 Proceedings of the fifth ACM SIGPLAN symposium on
        Principles and practice of parallel programming },
    volume={5},
    pages={207-216},
    year={1995},
    publisher={ACM}
}

@inproceedings{gautierxkaapi,
    title={XKaapi: A Runtime System for Data-Flow Task Programming on
        Heterogeneous Architectures},
    author={Gautier, Thierry and Lima, Joao VF and Maillard, Nicolas and
        Raffin, Bruno},
    year={2013},
    booktitle={Parallel and Distributed Processing Symposium., Proceedings
        International, IPDPS 2013},
}
@inproceedings{ferreiralima:hal-00735470,
    title = {{Exploiting Concurrent GPU Operations for Efficient
        Work Stealing on Multi-GPUs}},
    author = {Ferreira Lima, Joao Vicente and Gautier, Thierry
        and Maillard, Nicolas and Danjean, Vincent},
    booktitle = {{24rd International Symposium
        on Computer Architecture and High
            Performance Computing
            (SBAC-PAD)}},
    year = {2012},
}


@article{augonnet2011starpu,
    title={StarPU: A unified platform for task scheduling on heterogeneous
        multicore architectures},
    author={Augonnet, C{\'e}dric and Thibault, Samuel and Namyst, Raymond
        and Wacrenier, Pierre-Andr{\'e}},
    journal={Concurrency and Computation: Practice and Experience},
    volume={23},
    number={2},
    pages={187--198},
    year={2011},
    publisher={Wiley Online Library}
}
@article{dagum1998openmp,
    title={OpenMP: an industry standard API for shared-memory programming},
    author={Dagum, Leonardo and Menon, Ramesh},
    journal={Computational Science \& Engineering, IEEE},
    volume={5},
    number={1},
    pages={46--55},
    year={1998},
    publisher={IEEE}
} 
@article{lusk2009mpi,
    title={MPI: A message-passing interface standard},
    author={Lusk, Ewing and Huss, S and Saphir, B and Snir, M},
    journal={The International Journal of Supercomputer Applications and High
        performance Computing},
    volume={8},
    number={3},
    pages={159-416},
    year={1994}
}
@article{gropp1996high,
    title={A high-performance, portable implementation of the MPI message
        passing interface standard},
    author={Gropp, William and Lusk, Ewing and Doss, Nathan and Skjellum,
        Anthony},
    journal={Parallel computing},
    volume={22},
    number={6},
    pages={789--828},
    year={1996},
    publisher={Elsevier}
}

@Article{frigo1998implementation,
    title={The implementation of the Cilk-5 multithreaded language},
    author={Frigo, Matteo and Leiserson, Charles E and Randall, Keith H},
    journal={ACM Sigplan Notices},
    volume={33},
    number={5},
    pages={212--223},
    year={1998},
    publisher={ACM}
}

@article{plasma,
    title={PLASMA Users' Guide, Parallel Linea Algebra Software for Multicore
        Architecture},
    author={Emmanuel Agullo and Jack Dongarra and Bilel Hadri and Jackub Kuzak
        and Julie Langou and Julien Langou and Hatem Ltaief and Piotr Luszczek
            and Asim YarKhan},
    year={2010},
    journal={University of Tennessee},
}
